@misc{nlh,
	title        = "Norsk legemiddelh√•ndbok",
	howpublished = "http://legemiddelhandboka.no/"
}
