@misc{website:nlh,
	title        = "Norsk legemiddelh√•ndbok",
	howpublished = "http://legemiddelhandboka.no/"
}

# Software
@misc{software:lucene,
	title = "Lucene",
	howpublished = "http://lucene.apache.org/"
}
@misc{software:owl-api,
	title = "Java API for working with OWL Ontologies",
	howpublished = "http://owlapi.sourceforge.net/"
}
@misc{software:jsoup,
	title = "Java HTML Parser",
	howpublished = "http://jsoup.org/"
}
@misc{software:json-simple,
	title = "Java toolkit for JSON",
	howpublished = "http://code.google.com/p/json-simple/"
}
